<record><leader>00000cas a22000007a 4500</leader><controlfield tag="001">13177752</controlfield><controlfield tag="008">860220d19uu1940inuwr ne      0    0eng d</controlfield><datafield ind1=" " ind2=" " tag="010"><subfield code="a">sn 86058265 </subfield></datafield><datafield ind1=" " ind2=" " tag="040"><subfield code="a">NPI</subfield><subfield code="b">eng</subfield><subfield code="c">NPI</subfield><subfield code="d">OCLCQ</subfield></datafield><datafield ind1=" " ind2=" " tag="042"><subfield code="a">msc</subfield></datafield><datafield ind1="0" ind2=" " tag="130"><subfield code="a">Dunkirk news (Dunkirk, Ind. : 1935)</subfield></datafield><datafield ind1="1" ind2="4" tag="245"><subfield code="a">The Dunkirk news.</subfield></datafield><datafield ind1=" " ind2=" " tag="260"><subfield code="a">Dunkirk, Ind. :</subfield><subfield code="b">N.D. Barker</subfield></datafield><datafield ind1=" " ind2=" " tag="300"><subfield code="a">v. :</subfield><subfield code="b">ill. ;</subfield><subfield code="c">56 cm.</subfield></datafield><datafield ind1=" " ind2=" " tag="310"><subfield code="a">Weekly,</subfield><subfield code="b">Dec. 15, 1938-July 4, 1940</subfield></datafield><datafield ind1=" " ind2=" " tag="321"><subfield code="a">Semiweekly (twice a week),</subfield><subfield code="b">&lt;1935&gt;-Dec. 8, 1938</subfield></datafield><datafield ind1="0" ind2=" " tag="362"><subfield code="a">-v. 65, no. 50 (July 4, 1940).</subfield></datafield><datafield ind1=" " ind2=" " tag="588"><subfield code="a">Description based on: May 3, 1928.</subfield></datafield><datafield ind1=" " ind2=" " tag="752"><subfield code="a">United States</subfield><subfield code="b">Indiana</subfield><subfield code="c">Jay</subfield><subfield code="d">Dunkirk.</subfield></datafield><datafield ind1="0" ind2="0" tag="780"><subfield code="t">Dunkirk daily news</subfield><subfield code="w">(DLC)sn 91099342</subfield></datafield><datafield ind1="0" ind2="0" tag="785"><subfield code="t">Dunkirk daily news (Dunkirk, Ind. : 1940)</subfield><subfield code="w">(DLC)sn 86058316</subfield></datafield><datafield ind1="1" ind2=" " tag="029"><subfield code="a">AU@</subfield><subfield code="b">000025801483</subfield></datafield></record>